 % The \cite command functions as follows:
 %   \cite{key} ==>>                Jones et al. (1990)
 %   \cite[]{key} ==>>              (Jones et al., 1990)
 %   \cite[chap. 2]{key} ==>>       (Jones et al., 1990, chap. 2)
 %   \cite[e.g.][]{key} ==>>        (e.g. Jones et al., 1990)
 %   \cite[e.g.][p. 32]{key} ==>>   (e.g. Jones et al., p. 32)
 %   \citeauthor{key}               Jones et al.
 %   \citefullauthor{key}           Jones, Baker, and Smith
 %   \citeyear{key}                 1990



@book{VallisLIVRE2006,
Author = {G. K. Vallis},
Title = {{Atmospheric and Oceanic Fluid Dynamics}},
Year = {{2006}},
publisher = {{Cambridge University Press}}}


@article{BaeyCarton2002,
Author = {J.-M. Baey and X. Carton},
Title = {{Vortex multipoles in two-layer rotating shallow-water flows}},
Journal = {{J. Fluid Mech.}},
Year = {{2002}},
Volume = {{460}},
Pages = {{151-175}}
}


@article{LahayeZeitlin2012,
Author = {N. Lahaye and V. Zeitlin},
Title = {{Decaying vortex and wave turbulence in rotating shallow
                  water model, as follows from high-resolution direct
                  numerical simulations}},
Journal = {{Phys. Fluids}},
Year = {{2012}},
Volume = {{24}},
Number = {{11}},
DOI = {{10.1063/1.4767723}}
}


﻿
@article{YuanHamilton1994,
Author = {Yuan, L. and Hamilton, K.},
Title = {{Equilibrium dynamics in a forced-dissipative f-plane
                  shallow-water system}},
Journal = {{J. Fluid Mech.}},
Year = {{1994}},
Volume = {{280}},
Pages = {{369-394}},
DOI = {{10.1017/S0022112094002971}}
}

@article{PolvaniMcWilliamsSpallFord1994,
Author = {Polvani, L. M. and McWilliams, J. C. and Spall, M. A. and
                  Ford, R.},
Title = {{The coherent structures of shallow-water turbulence:
                  Deformation-radius effects, cyclone/anticyclone
                  asymmetry and gravity-wave generation}},
Journal = {{Chaos}},
Year = {{1994}},
Volume = {{4}},
Number = {{2}},
Pages = {{177-U16}},
DOI = {{10.1063/1.166002}}
}



@Comment  Effects of compressibility on the dynamics of coherent vortices
@Comment Author(s): Scheidegger, T. E.; Zabusky, N. J.; Pelz, R. B.
@Comment Source: Bull. Am. Phys. Soc.  Volume: 38   Pages: 125   Published: 1993 


@book{ZakharovLvovFalkovich1992,
  title =	 {Kolmogorov spectra of turbulence 1. Wave
                  turbulence.},
  volume =	 {1},
  author =	 {V. E. Zakharov and V. S. L'vov and G. Falkovich},
  publisher =	 {Springer-Verlag},
  year =	 {1992}
}


﻿
@article{FalkovichMedvedev1992,
Author = {Falkovich, G. E. and Medvedev, S. B.},
Title = {{Kolmogorov-like spectrum for turbulence of inertial-gravity waves}},
Journal = {{Europhys. Lett.}},
Year = {{1992}},
Volume = {{19}},
Number = {{4}},
Pages = {{279-284}},
Month = {{JUN 15}},
DOI = {{10.1209/0295-5075/19/4/006}},
Journal-ISO = {{Europhys. Lett.}},
}

@article{SpallMcWilliams1992,
Author = {Spall, M. A. and McWilliams, J. C.},
Title = {{Rotational and gravitational influences on the degree of
                  balance in the shallow-water equations}},
Journal = {{Geophys. Astrophys. Fluid Dyn.}},
Year = {{1992}},
Volume = {{64}},
Number = {{1-4}},
Pages = {{1-29}},
DOI = {{10.1080/03091929208228083}},
Journal-ISO = {{Geophys. Astrophys. Fluid Dyn.}},
}

@article{LarichevMcWilliams1991,
Author = {Larichev, V. D. and McWilliams, J. C.},
Title = {{Weakly decaying turbulence in an equivalent-barotropic fluid}},
Journal = {{Phys. Fluids A - Fluid Dyn.}},
Year = {{1991}},
Volume = {{3}},
Number = {{5, 1}},
Pages = {{938-950}},
DOI = {{10.1063/1.857970}},
}


@article{Sadourny1975,
  title={The dynamics of finite-difference models of the shallow-water equations},
  author={R. Sadourny},
  journal={J. Atmos. Sci.},
  volume={32},
  number={4},
  pages={680--689},
  year={1975}
}

@article{FargeSadourny1989,
Author = {Farge, M. and Sadourny, R.},
Title = {{Wave vortex dynamics in rotating shallow-water}},
Journal = {{J. Fluid Mech.}},
Year = {{1989}},
Volume = {{206}},
Pages = {{433-462}},
Month = {{SEP}},
DOI = {{10.1017/S0022112089002351}}
}

@article{Warn1986,
Author = {Warn, T.},
Title = {{Statistical mechanical equilibria of the shallow-water equations}},
Journal = {{Tellus Ser. A-Dyn. Meteorol. Oceanol.}},
Year = {{1986}},
Volume = {{38}},
Number = {{1}},
Pages = {{1-11}}
}

@article{Wirth2013,
Author = {A. Wirth},
Title = {{Inertia-gravity waves generated by near balanced flow in 2-layer shallow water turbulence on the $\beta$-plane}},
Journal = {{Nonlin. Processes Geophys.}},
Year = {{2013}},
Volume = {{20}},
Pages = {{25-34}}
}

@article{MohebalhojehDritschel2000,
author = {Mohebalhojeh, A. R. and Dritschel, D. G.},
title = {On the representation of gravity waves in numerical models of
                  the shallow-water equations},
journal = {Q. J. R. Meteorol. Soc.},
volume = {126},
number = {563},
doi = {10.1002/qj.49712656314},
pages = {669--688},
year = {2000}
}

@Article{BillantChomaz2001,
  author =       {P. Billant and J.-M. Chomaz},
  title =        {Self-similarity of strongly stratified inviscid flows},
  journal =      {Phys. Fluids},
  year =         2001,
  volume =       13,
  pages =        {1645--1651}
}


@article{PromentNazarenkoOnorato2012,
author = "D. Proment and S. Nazarenko and M. Onorato",
title = "Sustained turbulence in the three-dimensional Gross–Pitaevskii model ",
journal = "Physica D",
volume = "241",
number = "3",
pages = "304 - 314",
year = "2012",
doi = "http://dx.doi.org/10.1016/j.physd.2011.06.007"
}


@article{FalkovichMeyer1996,
  title = {Two-dimensional acoustic turbulence},
  author = {G. Falkovich and M. Meyer},
  journal = {Phys. Rev. E},
  volume = {54},
  issue = {4},
  pages = {4431--4434},
  year = {1996},
  doi = {10.1103/PhysRevE.54.4431}
}


@article{Kuznetsov2004,
Author = {E. A. Kuznetsov},
Title = {{Turbulence spectra generated by singularities}},
Journal = {{JETP Lett.}},
Year = {{2004}},
Volume = {{80}},
Number = {{2}},
Pages = {{83-89}},
DOI = {{10.1134/1.1804214}}
}

@article{WeinanKhaninMazelSinai1997,
  Author =	 {Weinan, E and Khanin, K and Mazel, A and Sinai, Y},
  Title =	 {{Probability distribution functions for the random
                  forced burgers equation}},
  Journal =	 {{Phys. Rev. Lett.}},
  Year =	 {{1997}},
  Volume =	 {{78}},
  Number =	 {{10}},
  Pages =	 {{1904-1907}}
}

@article{BouchaudMezardParisi1995,
Author = {J. P. Bouchaud and M. Mezard and G. Parisi},
Title = {{Scaling and intermittency in Burgers turbulence}},
Journal = {{Phys. Rev. E}},
Year = {{1995}},
Volume = {{52}},
Number = {{4, A}},
Pages = {{3656-3674}},
DOI = {{10.1103/PhysRevE.52.3656}}
}

@article{RichardGavrilyuk2013,
author = {G. L. Richard and S. L. Gavrilyuk},
title = {The classical hydraulic jump in a model of shear shallow-water flows},
journal = {J. Fluid Mech.},
volume = {725},
month = {5},
year = {2013},
issn = {1469-7645},
pages = {492--521},
numpages = {30},
doi = {10.1017/jfm.2013.174}
}




@article{Bartello1995,
Author = {P. Bartello},
Title = {{Geostrophic adjustment and inverse cascades in rotating stratified
   turbulence}},
Journal = {{J. Atmos. Sci.}},
Year = {{1995}},
Volume = {{52}},
Number = {{24}},
Pages = {{4410-4428}},
DOI = {{10.1175/1520-0469(1995)052<4410:GAAICI>2.0.CO;2}}
}

@book{Nazarenko2011,
  title={Wave turbulence},
  author={S. Nazarenko},
  volume={825},
  year={2011},
  publisher={Springer Verlag}
}



@article{Charney1973,
Author = {J. G. Charney},
Title = {{Geostrophic turbulence}},
Journal = {{B. American Meteo. Soc.}},
Year = {{1973}},
Volume = {{54}},
Number = {{7}},
Pages = {{740}}}
@article{Charney1971,
Author = {J. G. Charney},
Title = {{Geostrophic turbulence}},
Journal = {{J. Atmos. Sci.}},
Year = {{1971}},
Volume = {{28}},
Number = {{6}},
Pages = {{1087-\&}}}


@article{Kraichnan1971,
  Author =	 {R. H. Kraichnan},
  Title =	 {{Inertial-range transfer in two-and
                  three-dimensional turbulence}},
  Journal =	 {{J. Fluid Mech.}},
  Year =	 {{1971}},
  volume =	 {47},
  number =	 {3},
  pages =	 {525--535}
}

@article{Kraichnan1967,
  Author =	 {R. H. Kraichnan},
  Title =	 {{Inertial ranges in two-dimensional turbulence}},
  Journal =	 {{Phys. Fluids}},
  year =	 {1967},
  volume =	 {10},
  number =	 {7},
  pages =	 {1417-1423}
},
   doi = "http://dx.doi.org/10.1063/1.1762301" 
}


@Article{AugierLindborg2013,
author =       {P. Augier and E. Lindborg},
title =        {A New Formulation of the Spectral Energy Budget of the
                  Atmosphere, With Application to Two High-Resolution
                  General Circulation Models},
journal =      {J. Atmos. Sci.},
volume =       {70},
pages =        {2293-2308},
year =         2013
}


@Article{AugierChomazBillant2012,
author =       {P. Augier and J.-M. Chomaz and P. Billant},
title =        {Spectral analysis of the transition to turbulence from a dipole in stratified fluids},
journal =      {J. Fluid Mech.},
year =         2012,
volume =       {713},
pages =        {86--108}
}


@article{ Lundbladh1999,
  Author =	 {A. Lundbladh and S. Berlin and M. Skote and
                  C. Hildings and J. Choi and J. Kim and
                  D. S. Henningson},
  Title =	 {{An efficient spectral method for simulation of
                  incompressible flow over a flat plate}},
  Journal =	 {{Trita-mek. Tech. Rep.}},
  Year =	 {{1999}},
  Volume =	 {{11}},
  publisher =	 {{KTH}}
}


@article{Lorenz1980,
  title={Attractor sets and quasi-geostrophic equilibrium},
  author={E. Lorenz},
  journal={J. Atmos. Sci.},
  volume={37},
  number={8},
  pages={1685--1699},
  year={1980}
}

@article{Vanneste2013,
  title={Balance and spontaneous wave generation in geophysical flows},
  author={Vanneste, J.},
  year={2013},
  journal={Annu. Rev. Fluid Mech.},
Volume = {{45}},
Pages = {{147-172}},
DOI = {{10.1146/annurev-fluid-011212-140730}}
}


@article{Lindborg1999,
  Author =	 {E. Lindborg},
  Title =	 {{Can the atmospheric kinetic energy spectrum be
                  explained by two-dimensional turbulence?}},
  Journal =	 {{J. Fluid Mech.}},
  Year =	 {{1999}},
  Volume =	 {{388}},
  Pages =	 {{259-288}}
}


@article{Lindborg2007jas,
author = {E. Lindborg},
title = {Horizontal Wavenumber Spectra of Vertical Vorticity and Horizontal Divergence in the Upper Troposphere and Lower Stratosphere},
journal = {J. Atmos. Sci.},
volume = {64},
number = {3},
pages = {1017-1025},
year = {2007}}


@inproceedings{ZakharovSagdeev1970,
  title={Spectrum of acoustic turbulence},
  author={V.E. Zakharov and R. Z. Sagdeev},
  booktitle={Soviet Physics Doklady},
  volume={15},
  pages={439},
  year={1970}
}



@article{FrehlichSharman2010,
   author = {R. Frehlich and R. Sharman}, 
    title = {{Climatology of Velocity and Temperature Turbulence Statistics Determined from Rawinsonde and ACARS/AMDAR Data}}, 
  journal = {J. Appl. Meteor. Climatol.},
   volume = 49,
     year = 2010,
    pages = {1149-1169}
}

@article{ChoLindborg2001,
  Author =	 {J. Y. N. Cho and E. Lindborg},
  Title =	 {{Horizontal velocity structure functions in the
                  upper troposphere and lower stratosphere
                  1. Observations}},
  Journal =	 {{J. Geoph. Res.-Atmos.}},
  Year =	 {{2001}},
  Volume =	 {{106}},
  Number =	 {{D10}},
  Pages =	 {{10223-10232}}
}


@article{ElGrimshawSmyth2006,
   author = "El, G. A. and Grimshaw, R. H. J. and Smyth, N. F.",
   title = "Unsteady undular bores in fully nonlinear shallow-water theory",
   journal = "Physics of Fluids (1994-present)",
   year = "2006",
   volume = "18",
   number = "2", 
   eid = 027104,
   pages = "-",
   doi = "http://dx.doi.org/10.1063/1.2175152" 
}


@article{HelfrichMelville2006,
  title={Long nonlinear internal waves},
  author={Helfrich, Karl R and Melville, W Kendall},
  journal={Annu. Rev. Fluid Mech.},
  volume={38},
  pages={395--425},
  year={2006}
}

GrimshawOstrovskyShriraStepanyants1998


@article{GrimshawOstrovskyShriraStepanyants1998,
  title={Long nonlinear surface and internal gravity waves in a
                  rotating ocean},
  author={Grimshaw, RHJ and Ostrovsky, LA and Shrira, VI and
                  Stepanyants, Yu A},
  journal={Surveys in Geophysics},
  volume={19},
  number={4},
  pages={289--338},
  year={1998}
}



@article{Shrira1986,
  title={Long strongly nonlinear waves in a rotating ocean},
  author={Shrira, VI},
  journal={Akademiia Nauk SSSR, Izvestiia, Fizika Atmosfery i Okeana},
  volume={22},
  pages={395--405},
  year={1986}
}


@article{GrimshawHelfrichJohnson2012,
author = {Grimshaw, R. H. J. and Helfrich, Karl and Johnson, E. R.},
title = {The Reduced Ostrovsky Equation: Integrability and Breaking},
journal = {Studies in Applied Mathematics},
volume = {129},
number = {4},
doi = {10.1111/j.1467-9590.2012.00560.x},
pages = {414--436},
year = {2012},
}

@book{Baines1998,
  title={Topographic effects in stratified flows},
  author={Baines, P. G.},
  year={1998},
  publisher={Cambridge University Press}
}

@article{Buhler1998,
  title={A shallow-water model that prevents nonlinear steepening of gravity waves},
  author={B{\"u}hler, Oliver},
  journal={J. Atmos. Sci.},
  volume={55},
  number={17},
  pages={2884--2891},
  year={1998}
}









@article{ NastromGage1985,
Author = {G. D. Nastrom and K. S. Gage},
Title = {A Climatology of Atmospheric Wavenumber Spectra of Wind and Temperature Observed by Commercial Aircraft},
Journal = {{J. Atmos. Sci.}},
Year = {{1985}},
Volume = {{42}},
Number = {{9}},
Pages = {{950-960}}}


@article{ KoshykHamilton2001,
Author = {J. N. Koshyk and K. Hamilton},
Title = {{The Horizontal Kinetic Energy Spectrum and Spectral Budget Simulated by
   a High-Resolution Troposphere-Stratosphere-Mesosphere GCM}},
Journal = {{J. Atmos. Sci.}},
Year = {{2001}},
Volume = {{58}},
Number = {{4}},
Pages = {{329-348}}
}

@article{TakahashiHamiltonOhfuchi2006,
author = {Takahashi, Yoshiyuki O. and Hamilton, Kevin and Ohfuchi, Wataru},
journal = {Geophys. Res. Lett.},
number = {12},
pages = {1--4},
title = {{Explicit global simulation of the mesoscale spectrum of atmospheric motions}},
volume = {33},
year = {2006}
}

@article{ Hamilton_etal2008,
Author = {K. Hamilton and Y. O. Takahashi and W. Ohfuchi},
Title = {{Mesoscale spectrum of atmospheric motions investigated in a very fine resolution global general circulation model}},
Journal = {{J. Geophys. Res.-Atmos.}},
Year = {{2008}},
Volume = {{113}},
Pages = {{D18110}}}



@article{ Skamarock2004,
Author = {W. C. Skamarock},
Title = {{Evaluating mesoscale {NWP} models using kinetic energy spectra}},
Journal = {{Mon. Weather Rev.}},
Year = {{2004}},
Volume = {{132}},
Number = {{12}},
Pages = {{3019-3032}}}
